@manual{ flowlink-git
    author  = "samop",
    title   = "Polar-Flowlink-linux",
    url     = "https://github.com/samop/Polar-Flowlink-linux",
    note    = "[Kasutatud 17-10-2020]"
}

@manual{ libusb
    author  = "libusb",
    title   = "libusb",
    url     = "https://libusb.info/",
    note    = "[Kasutatud  ]"
}

@misc{example-reference,
    author    = "L. Masinter",
    title     = "Hyper Text Coffee Pot Control Protocol (HTCPCP/1.0)",
    url       = "https://tools.ietf.org/html/rfc2324",
    note      = "[Accessed: 24-05-2019]"
}
@inproceedings{spectre,
 author = {Paul Kocher and Jann Horn and Anders Fogh and Daniel Genkin and Daniel Gruss and Werner Haas and Mike Hamburg and Moritz Lipp and Stefan Mangard and Thomas Prescher and Michael Schwarz and Yuval Yarom},
 title = {Spectre Attacks: Exploiting Speculative Execution},
 booktitle = {40th IEEE Symposium on Security and Privacy (S\&P'19)},
 year = {2019},
}
